<record><leader>00000cas a2200000Ka 4500</leader><controlfield tag="001">30263949</controlfield><controlfield tag="008">940419d19001904aluwr ne      0    0eng d</controlfield><datafield ind1=" " ind2=" " tag="010"><subfield code="a">sn 94060445 </subfield></datafield><datafield ind1=" " ind2=" " tag="040"><subfield code="a">AAR</subfield><subfield code="c">AAR</subfield><subfield code="d">OCL</subfield><subfield code="d">OCLCQ</subfield></datafield><datafield ind1="0" ind2=" " tag="130"><subfield code="a">Marion County democrat (Hamilton, Ala.)</subfield></datafield><datafield ind1="1" ind2="0" tag="245"><subfield code="a">Marion County democrat.</subfield></datafield><datafield ind1=" " ind2=" " tag="260"><subfield code="a">Hamilton, Marion County, Ala. :</subfield><subfield code="b">J.W. Young,</subfield><subfield code="c">1900-1904.</subfield></datafield><datafield ind1=" " ind2=" " tag="300"><subfield code="a">v.</subfield></datafield><datafield ind1=" " ind2=" " tag="310"><subfield code="a">Weekly</subfield></datafield><datafield ind1="0" ind2=" " tag="362"><subfield code="a">Vol. 2, no. 9 (Jan. 26, 1900) -v. 6, no. 24 (May 5, 1904).</subfield></datafield><datafield ind1=" " ind2=" " tag="500"><subfield code="a">Published in Winfield from vol. 3, no. 41 (Sept. 13,1901).</subfield></datafield><datafield ind1=" " ind2=" " tag="752"><subfield code="a">United States</subfield><subfield code="b">Alabama</subfield><subfield code="c">Marion</subfield><subfield code="d">Hamilton.</subfield></datafield><datafield ind1=" " ind2=" " tag="752"><subfield code="a">United States</subfield><subfield code="b">Alabama</subfield><subfield code="c">Marion</subfield><subfield code="d">Winfield.</subfield></datafield><datafield ind1="0" ind2="7" tag="785"><subfield code="t">Carbon Hill enterprise</subfield><subfield code="w">(OCoLC)16111373</subfield></datafield><datafield ind1="0" ind2="7" tag="785"><subfield code="t">Enterprise-democrat</subfield><subfield code="w">(DLC)sn 87050232</subfield></datafield><datafield ind1=" " ind2=" " tag="994"><subfield code="a">11</subfield><subfield code="b">OCL</subfield><subfield code="i">02720</subfield></datafield></record>